<record><leader>00000cas a22000007a 4500</leader><controlfield tag="001">14978670</controlfield><controlfield tag="008">861216c19839999paudn ne      0    0eng d</controlfield><datafield ind1=" " ind2=" " tag="010"><subfield code="a">sn 88079498 </subfield></datafield><datafield ind1=" " ind2=" " tag="040"><subfield code="a">NPH</subfield><subfield code="b">eng</subfield><subfield code="c">NPH</subfield><subfield code="d">OCLCQ</subfield></datafield><datafield ind1=" " ind2=" " tag="042"><subfield code="a">msc</subfield></datafield><datafield ind1="0" ind2="0" tag="245"><subfield code="a">Corry journal.</subfield></datafield><datafield ind1=" " ind2=" " tag="260"><subfield code="a">Corry, Pa. :</subfield><subfield code="b">[George R. Sample],</subfield><subfield code="c">1983-</subfield></datafield><datafield ind1=" " ind2=" " tag="300"><subfield code="a">v. :</subfield><subfield code="b">ill.</subfield></datafield><datafield ind1=" " ind2=" " tag="310"><subfield code="a">Daily (except Sun.)</subfield></datafield><datafield ind1="0" ind2=" " tag="362"><subfield code="a">Vol. 82, no. 126 (May 28, 1983)-</subfield></datafield><datafield ind1=" " ind2=" " tag="752"><subfield code="a">United States</subfield><subfield code="b">Pennsylvania</subfield><subfield code="c">Erie</subfield><subfield code="d">Corry.</subfield></datafield><datafield ind1="0" ind2="0" tag="780"><subfield code="t">Corry evening journal</subfield><subfield code="w">(DLC)sn 89077584</subfield></datafield></record>